1746 2826
49 130 148 192 ti,
173 122 380 183 Burtini‘,
403 118 624 188 Satffcrii,
655 123 850 188 Voigtii,
887 121 1185 178 Briickmanni,
1225 116 1422 167 Giraud-
1436 114 1647 179 Sozllavie,

87 209 472 292 Getffznii,Pini‚
507 204 1052 272 Abildgaard11‚Palqffi›,
1095 207 1153 251 La
1175 204 1395 266 Peirozfiz,
1439 204 1642 270 Wulfeni,

84 281 340 357 Klipsteinii,
375 289 636 341 Generofiff
668 291 723 338 de
759 291 916 341 Trebrn
949 305 993 336 et
1025 289 1241 347 Dietriclz‚
1279 285 1479 337 Illustriss
1512 292 1655 337 Com

84 396 112 426 a
130 377 460 441 Rasbumowski‚
506 392 550 424 et
570 376 758 423 aliorum
784 371 990 422 indefessa
1015 370 1225 419 industria
1247 387 1291 418 et
1321 369 1550 435 sagacitate
1581 376 1647 438 in·

86 456 347 514 notue‘tunt.
409 464 575 525 Neque
597 456 896 525 praetermissa
918 456 1016 516 sunt
1048 473 1120 512 ea,
1152 456 1312 521 quibus
1343 453 1572 503 adversarii
1598 459 1648 511 Β,

82 549 290 603 Amoris,
320 559 391 592 tot
422 533 594 592 aciibus
627 543 818 592 censuris
849 546 893 589 in
922 559 1025 588 eum
1058 539 1244 599 inyeEci,
1285 537 1484 588 Illustrils.
1516 544 1650 589 Com.'

87 611 312 692 aBuffon,
347 628 572 691 Afflnfim,
609 630 814 690 Camper,
852 628 1069 683 Laurenti,
1105 624 1321 689 Hacquet,
1359 627 1550 671 Medicus
1571 642 1653 672 no-

85 711 219 760 stram
250 708 365 761 hanc
393 697 615 760 scientiam
651 726 880 760 auxerunt.
924 708 1052 757 Nihil
1076 705 1488 773 tamen-superesse,
1524 707 1653 774 quod

87 813 164 844 aut
188 801 336 844 coaevi
357 813 434 844 aut
452 795 615 863 posteri
638 796 706 845 vel
727 793 970 844 emendent
989 793 1058 840 vel
1081 792 1268 850 addant,
1291 809 1341 840 ut
1362 793 1539 856 glorier,
1563 810 1650 857 ego

87 880 272 946 quidem
303 874 697 931 inultumabsum.
772 880 1043 944 Qicun'que
1074 873 1166 924 fata
1202 874 1475 941 lingularum
1518 877 1651 931 hista-

81 967 181 1014 ,riae
211 965 420 1012 naturalis
449 968 645 1030 partium
681 966 832 1012 animo
867 960 1013 1029 secum
1035 961 1198 1020 volvit,
1238 958 1428 1008 semelve
1448 965 1651 1022 tentavit,

84 1047 340 1104 ⁴constantes
363 1063 406 1096 et
424 1065 664 1114 perpetuas
686 1047 917 1111 cujusdam
941 1049 1143 1111 corporis
1169 1045 1380 1092 naturalis
1403 1063 1560 1093 eruere
1570 1063 1653 1093 no-

83 1147 156 1195 -tas
178 1171 189 1191 ,
245 1136 498 1199 quicunque
527 1130 793 1182 luxuriosam
827 1147 1012 1178 naturae
1048 1133 1094 1176 in
1129 1129 1355 1177 coloribus
1388 1134 1652 1177 varietatem

91 1234 129 1265 e.
150 1235 190 1282 g.
213 1221 258 1265 in
294 1217 555 1266 animalibus
586 1216 744 1265 nostris
778 1214 1024 1263 domesticis
1043 1216 1244 1276 (taceam
1269 1231 1391 1272 eam,
1435 1232 1549 1278 quae
1572 1213 1655 1280 hy·

88 1300 243 1349 bridae
273 1306 548 1367 generationi
575 1299 675 1350 suos
702 1302 836 1349 debet
855 1300 1050 1358 natales)
1071 1302 1219 1356 novit,
1252 1302 1379 1345 novit
1408 1303 1654 1363 praeterea,

89 1387 137 1430 in
171 1380 465 1432 discernendis
493 1385 643 1431 multis
664 1384 926 1432 animalium
965 1380 1223 1447 praesertim
1246 1385 1394 1436 avium
1428 1375 1658 1448 speciebus

27 1509 30 1512 ,
89 1471 163 1514 vix
183 1466 291 1515 ullas
314 1469 405 1515 dari
427 1482 578 1532 notas,
618 1467 696 1516 nifi
719 1467 990 1516 a'coloribus
1011 1464 1257 1523 desumtas‚
1290 1468 1437 1523 nov-it,
1470 1466 1654 1536 easdem

91 1551 198 1599 aves*
216 1550 306 1598 alio
338 1566 472 1616 atque
500 1551 586 1598 alio
608 1554 712 1598 anni
733 1566 777 1599 et
797 1554 949 1601 aetatis
971 1554 1049 1611 (ne
1069 1547 1218 1597 sexum
1243 1547 1409 1612 dicam)
1430 1547 1652 1616 tempore,

90 1637 136 1681 in
157 1634 241 1682 alio
263 1650 396 1701 atque
417 1635 501 1682 alio
521 1635 696 1683 climate
718 1626 899 1700 soloque
920 1637 1142 1692 viventes,
1173 1632 1258 1680 alio
1272 1648 1405 1698 atque
1425 1632 1510 1681 alio
1532 1633 1653 1683 viau

90 1733 289 1777 utentes,
324 1716 440 1768 feras
478 1734 522 1767 et
551 1717 835 1776 domesticas,
868 1717 958 1765 aliis
987 1732 1120 1783 atque
1153 1716 1243 1764 aliis
1272 1734 1366 1764 non
1396 1735 1498 1764 raro
1529 1734 1652 1766 com·

90 1820 249 1871 parere
268 1799 427 1851 formis
447 1818 493 1851 et
514 1802 757 1861 coloribus,
780 1794 928 1860 nollit,
951 1802 1093 1850 multa
1115 1817 1158 1849 et
1171 1793 1384 1849 'animalia
1414 1817 1457 1848 et
1478 1815 1654 1866 vegeta-

36 1938 42 1944 ,
86 1885 213 1954 bilia,
233 1886 510 1952 potiffimum
532 1888 704 1933 marina
725 1902 768 1933 et
787 1890 1049 1952 peregrina,
1070 1881 1376 1950 imperfefflus
1400 1883 1482 1933 esse
1502 1888 1652 1951 cogni-

90 1985 159 2029 ta,
199 1968 354 2029 semel,
391 1989 486 2018 non
521 1974 645 2018 omni
681 1973 794 2019 vitae
829 1968 928 2018 suae
964 1985 1198 2036 tempore,
1234 1986 1328 2016 non
1360 1972 1405 2015 in
1437 1970 1652 2029 omnibus

88 2043 243 2104 aetatis
263 2051 472 2121 sexusque
494 2055 809 2102 variationibus
829 2053 1079 2112 observata,
1111 2053 1195 2100 alia
1214 2052 1268 2100 ad
1292 2057 1472 2100 iconum
1497 2052 1648 2114 fidem,

91 2139 149 2186 ad
169 2136 378 2198 solitaria,
412 2155 618 2197 mortua,
652 2137 829 2197 linteata,
873 2135 1012 2196 farta,
1053 2141 1099 2184 in
1129 2135 1281 2203 spiritu
1310 2140 1399 2185 vini
1430 2136 1650 2197 asservata,

95 2225 222 2270 variis
244 2220 433 2270 artificiis
453 2230 521 2280 (v.
545 2240 584 2287 g.
608 2221 820 2283 testacea)
842 2237 1036 2281 mutata,
1067 2221 1151 2268 alio
1174 2222 1314 2269 aliove
1335 2221 1475 2268 modo
1496 2221 1650 2287 paulu»-

92 2307 187 2353 lum
216 2302 466 2354 deformata
497 2323 543 2354 et
573 2305 780 2353 decolora
813 2305 1013 2370 exempla
1034 2302 1115 2353 esse
1137 2304 1374 2371 descripta3
1420 2303 1548 2354 facile
1576 2304 1648 2353 ille

93 2389 280 2447 videbit,
317 2389 369 2437 ab
392 2407 445 2438 eo
466 2388 767 2456 perfestionis
773 2386 943 2455 fastigio
964 2390 1099 2452 longe
1120 2388 1266 2437 adhuc
1289 2386 1428 2438 abesse
1440 2387 1647 2436 historiae

92 2471 302 2520 naturalis
322 2471 529 2524 studium.

0 2623 5 2628 ἡ
193 2558 348 2619 Quum
382 2556 472 2604 hoc
501 2556 715 2605 volumen
746 2553 822 2604 sub
843 2555 970 2622 prelo
991 2553 1186 2614 sudaret,
1222 2554 1453 2604 hincinde
1475 2553 1646 2605 deteaa

56 2674 67 2675 κ
96 2635 222 2698 sunt,
244 2638 417 2705 inquibus
436 2655 513 2690 aut
531 2640 759 2690 emendari
781 2653 858 2689 aut
883 2643 1031 2704 augeri
1052 2638 1205 2706 posset.

1577 2727 1645 2773 Ita
